% Bibliografia para la memoria
% Se han incluido a modo de ejemplo algunos
% de los tipos mas comunes.

% Arículos
@article{liu2022common,
  title={Common risk factors in cryptocurrency},
  author={Liu, Yukun and Tsyvinski, Aleh and Wu, Xi},
  journal={The Journal of Finance},
  volume={77},
  number={2},
  pages={1133--1177},
  year={2022},
  publisher={Wiley Online Library}
}

@article{fama1993,
  title={Common risk factors in the returns on stocks and bonds},
  author={Fama, Eugene F and French, Kenneth R},
  journal={Journal of financial economics},
  volume={33},
  number={1},
  pages={3--56},
  year={1993},
  publisher={Elsevier}
}

@article{fama2015,
  title={A five-factor asset pricing model},
  author={Fama, Eugene F and French, Kenneth R},
  journal={Journal of financial economics},
  volume={116},
  number={1},
  pages={1--22},
  year={2015},
  publisher={Elsevier}
}

@article{sharpe1964,
  title={Capital asset prices: A theory of market equilibrium under conditions of risk},
  author={Sharpe, William F},
  journal={The journal of finance},
  volume={19},
  number={3},
  pages={425--442},
  year={1964},
  publisher={Wiley Online Library}
}
@article{carhart1997,
  title={On persistence in mutual fund performance},
  author={Carhart, Mark M},
  journal={The Journal of finance},
  volume={52},
  number={1},
  pages={57--82},
  year={1997},
  publisher={Wiley Online Library}
}

@article{gregoriou2019cryptocurrencies,
  title={Cryptocurrencies and asset pricing},
  author={Gregoriou, Andros},
  journal={Applied Economics Letters},
  volume={26},
  number={12},
  pages={995--998},
  year={2019},
  publisher={Taylor \& Francis}
}

@article{bariviera2017inefficiency,
  title={The inefficiency of Bitcoin revisited: A dynamic approach},
  author={Bariviera, Aurelio F},
  journal={Economics Letters},
  volume={161},
  pages={1--4},
  year={2017},
  publisher={Elsevier}
}
@article{10.1371/journal.pone.0264522,
    doi = {10.1371/journal.pone.0264522},
    author = {Diaconaşu, Delia-Elena AND Mehdian, Seyed AND Stoica, Ovidiu},
    journal = {PLOS ONE},
    publisher = {Public Library of Science},
    title = {An analysis of investors’ behavior in Bitcoin market},
    year = {2022},
    month = {03},
    volume = {17},
    url = {https://doi.org/10.1371/journal.pone.0264522},
    pages = {1-18},
    number = {3},
}

@article{thoma2020prospect,
  title={A prospect theory model for predicting cryptocurrency returns},
  author={Thoma, Alexander},
  journal={Available at SSRN 3753530},
  year={2020}
}

@article{HAYES20171308,
title = {Cryptocurrency value formation: An empirical study leading to a cost of production model for valuing bitcoin},
journal = {Telematics and Informatics},
volume = {34},
number = {7},
pages = {1308-1321},
year = {2017},
issn = {0736-5853},
doi = {https://doi.org/10.1016/j.tele.2016.05.005},
url = {https://www.sciencedirect.com/science/article/pii/S0736585315301118},
author = {Adam S. Hayes},
keywords = {Bitcoin, Cryptocurrencies, Digital currencies, Blockchain, Asset pricing, Altcoins},
}

% Páginas
@misc{CFI_nodate,
  author = {Corporate Finance Institute},
  title = {Liquidity in Cryptocurrency - Overview, Importance},
  howpublished = {\url{https://corporatefinanceinstitute.com/resources/cryptocurrency/liquidity-in-cryptocurrency/}},
}

@misc{Statista2023,
  author = {Statista},
  title = {Cryptocurrency - statistics & facts},
  howpublished = {\url{https://www.statista.com/topics/4495/cryptocurrencies/}},
}

